
 
 @misc{vscode,
  howpublished = {\url{ https://code.visualstudio.com}}, 
}
   
@misc{adobe,
  howpublished = {\url{ https://www.adobe.com}}, 
}

@misc{uptodate,
  howpublished = {\url{https://www.uptodate.com/home}}, 
}

@misc{dart,
  howpublished = {\url{https://dart.dev}}, 
}

@misc{firebase,
  howpublished = {\url{https://firebase.google.com}}, 
}
@misc{flutter,
  howpublished = {\url{ https://flutter.dev/brand}}, 
}


@misc{bluestacks,
  howpublished = {\url{ https://www.bluestacks.com/}}, 
}



@misc{overleaf,
  howpublished = {\url{ https://www.overleaf.com/}}, 
}
@misc{headspace,
  howpublished = {\url{https://www.headspace.com/}}, 
}
@misc{delmarvablood,
  howpublished = {\url{https://www.delmarvablood.org/blood-donor-app/}}, 
}
@misc{bloodbankalliance,
  howpublished = {\url{ https://bloodbankalliance.org/blood-donor-finder-app/}}, 
}
@misc{indeed,
  howpublished = {\url{https://ca.indeed.com/career-advice/career-development/what-is-a-umland systems}}, 
}

@misc{wikimedia,
  howpublished = {\url{https://commons.wikimedia.org/wiki/File:Firebase_Logo.svg}}, 
}
@misc{twitter,
  howpublished = {\url{https://twitter.com/setapp/status/1382339382489841664}}, 
}
